@inproceedings{Trello,
    title = {{\href{https://trello.com/}{Trello} - a well-known task organiser for collaborative work.}},
}
@inproceedings{how-to-coduct-a-heuristic-evaluation,
    title = {{How to Conduct a Heuristic Evaluation}},
    author = {J. Norman et al.},
    publisher = {Nielsen Norman Group},
    year = 1994,
}

@inproceedings{list-of-heuristics,
    title = {{10 Usability Heuristics for User Interface Design}},
    author = {J. Nielsen},
    publisher = {Nielsen Norman Group},
    year = 2020,
}

@inproceedings{test-ref,
    title = {{dummytitle}},
    author = {dummyauthor},
    booktitle = {dummybook},
    year = 2000,
}
